<record xmlns="http://www.loc.gov/MARC21/slim" xmlns:xsi="http://www.w3.org/2001/XMLSchema-instance" xsi:schemaLocation="http://www.loc.gov/MARC21/slim http://www.loc.gov/standards/marcxml/schema/MARC21slim.xsd"><leader>00541cz   2200145n  4500</leader><controlfield tag="001">oca02463451 </controlfield><controlfield tag="005">20020703145802.0</controlfield><controlfield tag="008">890221n| acannaab           |a aaa      </controlfield><datafield ind1=" " ind2=" " tag="010"><subfield code="a">n  88224091 </subfield></datafield><datafield ind1=" " ind2=" " tag="040"><subfield code="a">DLC</subfield><subfield code="c">DLC</subfield><subfield code="d">DLC</subfield></datafield><datafield ind1="0" ind2=" " tag="100"><subfield code="a">Philemon,</subfield><subfield code="d">3rd/4th cent. B.C.</subfield></datafield><datafield ind1="0" ind2=" " tag="400"><subfield code="a">Filomene,</subfield><subfield code="d">3rd/4th cent. B.C.</subfield></datafield><datafield ind1=" " ind2=" " tag="670"><subfield code="a">Aristophanes. TheÌ&#x81;atre d'Aristophane, 1790:</subfield><subfield code="b">t.p. (PhileÌ&#x81;mon)</subfield></datafield><datafield ind1=" " ind2=" " tag="670"><subfield code="a">Oxford class. dict., 2nd ed.</subfield><subfield code="b">(Philemon, b. 368/60 B.C., d. 267/63 B.C.; New Comedy poet)</subfield></datafield><datafield ind1=" " ind2=" " tag="670"><subfield code="a">Menandro e la Commedia nuova, 2001:</subfield><subfield code="b">p. 645 (Filomene)</subfield></datafield></record>